
@ARTICLE{2018arXiv181009572C,
   author = {{Cosmic Visions 21 cm Collaboration} and {Ansari}, R. and {Arena}, E.~J. and 
	{Bandura}, K. and {Bull}, P. and {Castorina}, E. and {Chang}, T.-C. and 
	{Foreman}, S. and {Frisch}, J. and {Green}, D. and {Karagiannis}, D. and 
	{Liu}, A. and {Masui}, K.~W. and {Meerburg}, P.~D. and {Newburgh}, L.~B. and 
	{Obuljen}, A. and {O'Connor}, P. and {Shaw}, J.~R. and {Sheehy}, C. and 
	{Slosar}, A. and {Smith}, K. and {Stankus}, P. and {Stebbins}, A. and 
	{Timbie}, P. and {Villaescusa-Navarro}, F. and {White}, M.},
    title = "{Inflation and Early Dark Energy with a Stage II Hydrogen Intensity Mapping experiment}",
  journal = {ArXiv e-prints},
archivePrefix = "arXiv",
   eprint = {1810.09572},
 keywords = {Astrophysics - Cosmology and Nongalactic Astrophysics, Astrophysics - Instrumentation and Methods for Astrophysics, High Energy Physics - Experiment},
     year = 2018,
    month = oct,
   adsurl = {http://adsabs.harvard.edu/abs/2018arXiv181009572C},
  adsnote = {Provided by the SAO/NASA Astrophysics Data System}
}